<?xml version="1.0" encoding="UTF-8"?><collection xmlns="http://www.loc.gov/MARC21/slim"><record><leader>00518nam--2200145-i-4500</leader><controlfield tag="001">000011923</controlfield><controlfield tag="002">20161230</controlfield><controlfield tag="005">20170305183905</controlfield><controlfield tag="008">060222s1000------------r-----000-0-eng-d</controlfield><datafield ind1=" " ind2=" " tag="100"><subfield code="a">Couterne, Jean-Claude</subfield></datafield><datafield ind1=" " ind2=" " tag="245"><subfield code="a">Methodes de caracterisation par diffraction x des textures du zirconium a correlations entre certaines proprietes physiques et le degre d anisotropie du materiau</subfield><subfield code="b">these</subfield></datafield><datafield ind1=" " ind2=" " tag="260"><subfield code="a">Orsay</subfield><subfield code="b">Centre D Orsay</subfield><subfield code="c">1975</subfield></datafield><datafield ind1=" " ind2=" " tag="300"><subfield code="a">197 p</subfield></datafield><datafield ind1=" " ind2=" " tag="852"><subfield code="a">548.73:539.26:539.22(043)</subfield></datafield><datafield ind1=" " ind2=" " tag="CAT"><subfield code="a">SYS</subfield><subfield code="c">20170305</subfield><subfield code="h">183905</subfield></datafield></record></collection>